@Article{Falster-2015,
  title = {{{BAAD}}: a {{Biomass And Allometry Database}} for woody plants},
  volume = {96},
  doi = {10.1890/14-1889.1},
  journal = {Ecology},
  author = {Daniel S.  Falster and Remko A.  Duursma and Masae I.  Ishihara and Diego R.  Barneche and Richard G.  FitzJohn and Angelica {V{\aa}rhammar} and Masahiro  Aiba and Makoto  Ando and Niels  Anten and Michael J.  Aspinwall and Jennifer L.  Baltzer and Christopher  Baraloto and Michael  Battaglia and John J.  Battles and Ben  Bond-Lamberty and Michiel  {van Breugel} and James  Camac and Yves  Claveau and Llu{\'i}s  Coll and Masako  Dannoura and Sylvain  Delagrange and Jean-Christophe  Domec and Farrah  Fatemi and Wang  Feng and Veronica  Gargaglione and Yoshiaki  Goto and Akio  Hagihara and Jefferson S.  Hall and Steve  Hamilton and Degi  Harja and Tsutom  Hiura and Robert  Holdaway and Lindsay S.  Hutley and Tomoaki  Ichie and Eric J.  Jokela and Anu  Kantola and Jeff W. G.  Kelly and Tanaka  Kenzo and David  King and Brian D.  Kloeppel and Takashi  Kohyama and Akira  Komiyama and Jean-Paul  Laclau and Christopher H.  Lusk and Douglas A.  Maguire and Guerric  {le Maire} and Annikki {M{\"a}kel{\"a}} and Lars  Markesteijn and John  Marshall and Katherine  McCulloh and Itsuo  Miyata and Karel  Mokany and Shigeta  Mori and Randall W.  Myster and Masahiro  Nagano and Shawna L.  Naidu and Yann  Nouvellon and Anthony P.  O'Grady and Kevin L.  O'Hara and Toshiyuki  Ohtsuka and Noriyuki  Osada and Olusegun O.  Osunkoya and Pablo Luis  Peri and Any Mary  Petritan and Lourens  Poorter and Angelika  Portsmuth and Catherine  Potvin and Johannes  Ransijn and Douglas  Reid and Sabina C.  Ribeiro and Scott D.  Roberts and Rolando Rodr{\'i}guez and Angela Salda{\~n}a-Acosta and Ignacio  Santa-Regina and Kaichiro  Sasa and N. Galia  Selaya and Stephen C.  Sillett and Frank  Sterck and Kentaro  Takagi and Takeshi  Tange and Hiroyuki  Tanouchi and David  Tissue and Toru  Umehara and Hajime  Utsugi and Matthew A.  Vadeboncoeur and Fernando  Valladares and Petteri  Vanninen and Jian R.  Wang and Elizabeth  Wenk and Richard  Williams and Fabiano  {de Aquino Ximenes} and Atsushi  Yamaba and Toshihiro  Yamada and Takuo  Yamakura and Ruth D.  Yanai and Robert A.  York},
  year = {2015},
  pages = {1445},
}

@Article{Madin-2016,
  title = {The {{Coral Trait Database}}, a Curated Database of Trait Information for Coral Species from the Global Oceans},
  volume = {3},
  doi = {10.1038/sdata.2016.17},
  journal = {Scientific Data},
  author = {Joshua S. Madin and Kristen D. Anderson and Magnus Heide Andreasen and Tom C. L. Bridge and Stephen D. Cairns and Sean R. Connolly and Emily S. Darling and Marcela Diaz and Daniel S. Falster and Erik C. Franklin and Ruth D. Gates and Mia O. Hoogenboom and Danwei Huang and Sally A. Keith and Matthew A. Kosnik and Chao-Yang Kuo and Janice M. Lough and Catherine E. Lovelock and Osmar Luiz and Julieta Martinelli and Toni Mizerek and John M. Pandolfi and Xavier Pochon and Morgan S. Pratchett and Hollie M. Putnam and T. Edward Roberts and Michael Stat and Carden C. Wallace and Elizabeth Widman and Andrew H. Baird},
  year = {2016},
  pages = {160017},
}


@Article{Pennell-2015a,
  title = {A simple approach for maximizing the overlap of phylogenetic and comparative data},
  doi = {10.1111/2041-210X.12517},
  journal = {Methods in Ecology and Evolution},
  author = {Matthew W.  Pennell and Richard G.  FitzJohn and William K. Cornwell},
  year = {2015},
  pages = {n/a--n/a},
}

@Article{Perez-Riverol-2016,
  title = {Ten Simple Rules for Taking Advantage of Git and GitHub},
  volume = {12},
  doi = {10.1371/journal.pcbi.1004947},
  journal = {PLOS Comput Biol},
  author = {Yasset Perez-Riverol and Laurent Gatto and Rui Wang and Timo Sachsenberg and Julian Uszkoreit and Felipe da Veiga Leprevost and Christian Fufezan and Tobias Ternent and Stephen J. Eglen and Daniel S. Katz and Tom J. Pollard and Alexander Konovalov and Robert M. Flight and Kai Blin and Juan Antonio Vizca{\'\i}no},
  year = {2016},
  pages = {e1004947},
}

@Article{Perkel-2016,
  title = {Democratic Databases: Science on {{GitHub}}},
  volume = {538},
  doi = {10.1038/538127a},
  journal = {Nature},
  author = {Jeffrey Perkel},
  year = {2016},
  pages = {127--128},
}

@Manual{R-2015,
  title = {{R}: a language and environment for statistical computing},
  author = {{R Core Team}},
  organization = {R Foundation for Statistical Computing},
  address = {Vienna, Austria},
  year = {2015},
  url = {http://www.R-project.org/},
}

@Article{Ram-2013,
  title = {Git Can Facilitate Greater Reproducibility and Increased Transparency in Science},
  volume = {8},
  doi = {10.1186/1751-0473-8-7},
  journal = {Source Code for Biology and Medicine},
  author = {Karthik Ram},
  year = {2013},
  pages = {7},
  pmid = {23448176},
}

@Misc{Rogers-2013,
  title = {The {{Github}} Revolution: Why We're All in Open Source Now},
  journal = {Wired Opinion},
  author = {M Rogers},
  year = {2013},
}


@Article{EdmundHart-2015,
  title = {Ten Simple Rules for Digital Data Storage},
  doi = {10.7287/peerj.preprints.1448v1},
  author = {{Edmund Hart} and {Pauline Barmby} and {David LeBauer} and {Fran{\c c}ois Michonneau} and {Sarah Mount} and {Timoth{\'e}e Poisot} and {Kara H Woo} and {Naupaka Zimmerman} and {Jeffrey W Hollister}},
  year = {2015}
}

@Article{Goodman-2014,
  title = {Ten Simple Rules for the Care and Feeding of Scientific Data},
  volume = {10},
  doi = {10.1371/journal.pcbi.1003542},
  journal = {PLoS Comput Biol},
  author = {Goodman, Alyssa and Pepe, Alberto and Blocker, Alexander W. and Borgman, Christine L. and Cranmer, Kyle and Crosas, Merce and Di Stefano, Rosanne and Gil, Yolanda and Groth, Paul and Hedstrom, Margaret and Hogg, David W. and Kashyap, Vinay and Mahabal, Ashish and Siemiginowska, Aneta and Slavkovic, Aleksandra},
  year = {2014},
  pages = {e1003542}
}

@Article{Masum-2013,
  title = {Ten Simple Rules for Cultivating Open Science and Collaborative {{R}}\&amp;{{D}}},
  volume = {9},
  doi = {10.1371/journal.pcbi.1003244},
  journal = {PLoS Computational Biology},
  author = {Masum, Hassan and Rao, Aarthi and Good, Benjamin M. and Todd, Matthew H. and Edwards, Aled M. and Chan, Leslie and Bunin, Barry A. and Su, Andrew I. and Thomas, Zakir and Bourne, Philip E.},
  editor = {Lewitter, Fran},
  year = {2013},
  pages = {e1003244}
}

@Article{Sandve-2013,
  title = {Ten Simple Rules for Reproducible Computational Research},
  volume = {9},
  doi = {10.1371/journal.pcbi.1003285},
  journal = {PLoS Comput Biol},
  author = {Sandve, Geir Kjetil and Nekrutenko, Anton and Taylor, James and Hovig, Eivind},
  year = {2013},
  pages = {e1003285}
}

@Article{Whitlock-2011,
  title = {Data Archiving in Ecology and Evolution: Best Practices},
  volume = {26},
  doi = {10.1016/j.tree.2010.11.006},
  journal = {Trends in Ecology \& Evolution},
  author = {Michael C. Whitlock},
  year = {2011},
  pages = {61--65},
}

@Article{Wilson-2014,
  title = {Best Practices for Scientific Computing},
  volume = {12},
  doi = {10.1371/journal.pbio.1001745},
  journal = {PLoS Biology},
  author = {Greg Wilson and D. A. Aruliah and C. Titus Brown and Neil P. Chue Hong and Matt Davis and Richard T. Guy and Steven H. D. Haddock and Katy Huff and Ian M. Mitchell and Mark Plumbley and Ben Waugh and Ethan P. White and Paul Wilson},
  year = {2014},
  pages = {e1001745},
}

